@book{Kiczales:1991:AMP:574212,
 author = {Kiczales, Gregor and Rivieres, Jim Des},
 title = {The  Art of the Metaobject Protocol},
 year = {1991},
 isbn = {0262111586},
 publisher = {MIT Press},
 address = {Cambridge, MA, USA},
} 

@book{Steele:1990:CLL:95411,
 author = {Steele,Jr., Guy L.},
 title = {Common LISP: The Language (2Nd Ed.)},
 year = {1990},
 isbn = {1-55558-041-6},
 publisher = {Digital Press},
 address = {Newton, MA, USA},
}

@inproceedings{Strandh:2015:ELS:Environments,
 author = {Strandh, Robert},
 title = {First-class Global Environments in Common Lisp},
 booktitle = {Proceedings of the 8th European Lisp Symposium},
 series = {ELS '15},
 month = {April},
 year = {2015},
 location = {Goldsmiths, University of London, United Kingdom},
 pages = {79 -- 86},
 url = {http://www.european-lisp-symposium.org/editions/2015/ELS2015.pdf}
}

@book{ansi:common:lisp,
  author = {},
  title = {INCITS 226-1994[S2008] Information Technology, Programming Language, Common Lisp},
  publisher = {American National Standards Institute},
  year = {1994},
}
